@article{eddelbuettel2011rcpp,
  title={Rcpp: Seamless R and C++ integration},
  author={Eddelbuettel, Dirk and Fran{\c{c}}ois, Romain and Allaire, J and Ushey, Kevin and Kou, Qiang and Russel, N and Chambers, John and Bates, D},
  journal={Journal of Statistical Software},
  volume={40},
  number={8},
  pages={1--18},
  year={2011}
}

@article{song2019an,
  title={An adaptive independence test for microbiome community data},
  author={Song, Yaru and Zhao, Hongyu and Wang, Tao },
  journal={Under review},
  year={2019}
}

@article{yatsunenko2012human,
  title={Human gut microbiome viewed across age and geography},
  author={Yatsunenko, Tanya and Rey, Federico E and Manary, Mark J and Trehan, Indi and Dominguez-Bello, Maria Gloria and Contreras,
  Monica and Magris, Magda and Hidalgo, Glida and Baldassano, Robert N and Anokhin, Andrey P and others},
  journal={Nature},
  volume={486},
  number={7402},
  pages={222--227},
  year={2012},
  publisher={Nature Publishing Group}
}
